@Book{GarciaMunoz2012LecturaFacil,
	author = {Óscar García Muñoz},
	title = {Lectura Fácil: Métodos de redacción y evaluación},
	publisher = {Real Patronato sobre Discapacidad, Ministerio de Sanidad, Servicios Sociales e Igualdad},
	year = {2012}
}

@misc{ wiki:w3c2004,
	author = "Wikipedia",
	title = "Servicio web --- Wikipedia{,} La enciclopedia libre",
	year = "2018",
	url = "https://es.wikipedia.org/w/index.php?title=Servicio_web&oldid=111631237",
	note = "[Internet; descargado 18-noviembre-2018]"
}

@misc{TorresJoaquin2017SC,
	author = {Wikipedia},	
	title = {Definición SOAP},
	year = {2017},
}




